@article{intro-saas,
	title={A survey of calibration-free indoor positioning systems},
	author={Hossain, AKM Mahtab and Soh, Wee-Seng},
	journal={Computer Communications},
	volume={66},
	pages={1--13},
	year={2015},
	publisher={Elsevier}
}

@inproceedings{intro-cloud,
	title={Wlan-ble based indoor positioning system using machine learning cloud services},
	author={Ter{\'a}n, Marco and Carrillo, Henry and Parra, Carlos},
	booktitle={2018 IEEE 2nd Colombian Conference on Robotics and Automation (CCRA)},
	pages={1--6},
	year={2018},
	organization={IEEE}
}





@article{gps-1,
	title={Vehicle position correction: A vehicular blockchain networks-based GPS error sharing framework},
	author={Li, Changle and Fu, Yuchuan and Yu, Fei Richard and Luan, Tom H and Zhang, Yao},
	journal={IEEE Transactions on Intelligent Transportation Systems},
	year={2020},
	publisher={IEEE}
}

@article{gps-2,
	title={On the influence of sub-pixel position correction for PS localization accuracy and time series quality},
	author={Yang, Mengshi and Dheenathayalan, Prabu and L{\'o}pez-Dekker, Paco and van Leijen, Freek and Liao, Mingsheng and Hanssen, Ramon F},
	journal={ISPRS Journal of Photogrammetry and Remote Sensing},
	volume={165},
	pages={98--107},
	year={2020},
	publisher={Elsevier}
}

@article{env-urban,
	title={GOI: A novel design for vehicle positioning and trajectory prediction under urban environments},
	author={Xiao, Zhu and Li, Pingting and Havyarimana, Vincent and Hassana, Georges Maigary and Wang, Dong and Li, Keqin},
	journal={IEEE Sensors Journal},
	volume={18},
	number={13},
	pages={5586--5594},
	year={2018},
	publisher={IEEE}
}

@inproceedings{env-cv,
	title={Vehicle Trajectory Prediction with Gaussian Process Regression in Connected Vehicle Environment},
	author={Goli, Sepideh Afkhami and Far, Behrouz H and Fapojuwo, Abraham O},
	booktitle={2018 IEEE Intelligent Vehicles Symposium (IV)},
	pages={550--555},
	year={2018},
	organization={IEEE}
}

@article{indoor-review,
	title={A review of antennas for indoor positioning systems},
	author={Br{\'a}s, Luis and Carvalho, Nuno Borges and Pinho, Pedro and Kulas, Lukasz and Nyka, Krzysztof},
	journal={International Journal of Antennas and Propagation},
	volume={2012},
	year={2012},
	publisher={Hindawi}
}

@article{indoor-precision,
	title={SSD: A robust RF location fingerprint addressing mobile devices' heterogeneity},
	author={Hossain, AKM Mahtab and Jin, Yunye and Soh, Wee-Seng and Van, Hien Nguyen},
	journal={IEEE Transactions on Mobile Computing},
	volume={12},
	number={1},
	pages={65--77},
	year={2011},
	publisher={IEEE}
}

@article{indoor-3edges,
	title={Bluetooth indoor positioning based on RSSI and Kalman filter},
	author={Zhou, Cheng and Yuan, Jiazheng and Liu, Hongzhe and Qiu, Jing},
	journal={Wireless Personal Communications},
	volume={96},
	number={3},
	pages={4115--4130},
	year={2017},
	publisher={Springer}
}

@article{indoor-toa,
	title={A new close form location algorithm with AOA and TDOA for mobile user},
	author={Li, Wanchun and Tang, Qiu and Huang, Chengfeng and Ren, Chunhui and Li, Yingxiang},
	journal={Wireless Personal Communications},
	volume={97},
	number={2},
	pages={3061--3080},
	year={2017},
	publisher={Springer}
}

@article{indoor-fp1,
	title={Learning sequence-based fingerprint for magnetic indoor positioning system},
	author={Chen, Yuanyi and Zhou, Mingxuan and Zheng, Zengwei},
	journal={IEEE Access},
	volume={7},
	pages={163231--163244},
	year={2019},
	publisher={IEEE}
}

@inproceedings{indoor-fp2,
	title={Improved indoor position estimation algorithm based on geo-magnetism intensity},
	author={Song, Junyeol and Jeong, Hyunkyo and Hur, Soojung and Park, Yongwan},
	booktitle={2014 International Conference on Indoor Positioning and Indoor Navigation (IPIN)},
	pages={741--744},
	year={2014},
	organization={IEEE}
}

@inproceedings{indoor-imu1,
	title={Accurate indoor localization and tracking using mobile phone inertial sensors, WiFi and iBeacon},
	author={Zou, Han and Chen, Zhenghua and Jiang, Hao and Xie, Lihua and Spanos, Costas},
	booktitle={2017 IEEE International Symposium on Inertial Sensors and Systems (INERTIAL)},
	pages={1--4},
	year={2017},
	organization={IEEE}
}

@article{indoor-imu2,
	title={Fusion of WiFi, smartphone sensors and landmarks using the Kalman filter for indoor localization},
	author={Chen, Zhenghua and Zou, Han and Jiang, Hao and Zhu, Qingchang and Soh, Yeng Chai and Xie, Lihua},
	journal={Sensors},
	volume={15},
	number={1},
	pages={715--732},
	year={2015},
	publisher={Multidisciplinary Digital Publishing Institute}
}

@article{indoor-no,
	title={Crowdsensing-based Wi-Fi radio map management using a lightweight site survey},
	author={Kim, Yungeun and Shin, Hyojeong and Chon, Yohan and Cha, Hojung},
	journal={Computer Communications},
	volume={60},
	pages={86--96},
	year={2015},
	publisher={Elsevier}
}





@article{lstm,
	title={Long short-term memory},
	author={Hochreiter, Sepp and Schmidhuber, J{\"u}rgen},
	journal={Neural computation},
	volume={9},
	number={8},
	pages={1735--1780},
	year={1997},
	publisher={MIT Press}
}

@article{attention,
	title={Attention is all you need},
	author={Vaswani, Ashish and Shazeer, Noam and Parmar, Niki and Uszkoreit, Jakob and Jones, Llion and Gomez, Aidan N and Kaiser, Lukasz and Polosukhin, Illia},
	journal={arXiv preprint arXiv:1706.03762},
	year={2017}
}

@inproceedings{indoor-lstm,
	title={An LSTM-based indoor positioning method using Wi-Fi signals},
	author={Sahar, Ayesha and Han, Dongsoo},
	booktitle={Proceedings of the 2nd International Conference on Vision, Image and Signal Processing},
	pages={1--5},
	year={2018}
}

@inproceedings{indoor-deep1,
	title={DeepPositioning: Intelligent fusion of pervasive magnetic field and WiFi fingerprinting for smartphone indoor localization via deep learning},
	author={Zhang, Wei and Sengupta, Rahul and Fodero, John and Li, Xiaolin},
	booktitle={2017 16th IEEE International Conference on Machine Learning and Applications (ICMLA)},
	pages={7--13},
	year={2017},
	organization={IEEE}
}

@inproceedings{indoor-deep2,
	title={Deep learning for weights training and indoor positioning using multi-sensor fingerprint},
	author={Gan, Xingli and Yu, Baoguo and Huang, Lu and Li, Yaning},
	booktitle={2017 International Conference on Indoor Positioning and Indoor Navigation (IPIN)},
	pages={1--7},
	year={2017},
	organization={IEEE}
}





@inproceedings{lstm-1,
	title={An LSTM network for highway trajectory prediction},
	author={Altch{\'e}, Florent and de La Fortelle, Arnaud},
	booktitle={2017 IEEE 20th International Conference on Intelligent Transportation Systems (ITSC)},
	pages={353--359},
	year={2017},
	organization={IEEE}
}

@article{lstm-attention,
	title={Attention-based recurrent neural network for urban vehicle trajectory prediction},
	author={Choi, Seongjin and Kim, Jiwon and Yeo, Hwasoo},
	journal={Procedia Computer Science},
	volume={151},
	pages={327--334},
	year={2019},
	publisher={Elsevier}
}

@inproceedings{lstm-sr,
	title={Sr-lstm: State refinement for lstm towards pedestrian trajectory prediction},
	author={Zhang, Pu and Ouyang, Wanli and Zhang, Pengfei and Xue, Jianru and Zheng, Nanning},
	booktitle={Proceedings of the IEEE/CVF Conference on Computer Vision and Pattern Recognition},
	pages={12085--12094},
	year={2019}
}

@inproceedings{lstem-ss,
	title={Ss-lstm: A hierarchical lstm model for pedestrian trajectory prediction},
	author={Xue, Hao and Huynh, Du Q and Reynolds, Mark},
	booktitle={2018 IEEE Winter Conference on Applications of Computer Vision (WACV)},
	pages={1186--1194},
	year={2018},
	organization={IEEE}
}

@article{lstm-cnn,
	title={Motion trajectory prediction based on a CNN-LSTM sequential model},
	author={Xie, Guo and Shangguan, Anqi and Fei, Rong and Ji, Wenjiang and Ma, Weigang and Hei, Xinhong},
	journal={Science China Information Sciences},
	volume={63},
	number={11},
	pages={1--21},
	year={2020},
	publisher={Springer}
}
